3434 5124
650 1221 923 1308 PRAEFATIO.

271 1513 378 1581 Finita
404 1513 535 1599 Iosephi
564 1514 706 1582 editione
728 1535 812 1582 nune
834 1514 973 1582 indioem
1003 1534 1163 1600 propono,
1192 1516 1226 1581 in
1256 1534 1318 1599 qno
1341 1517 1387 1582 in·

182 1619 259 1680 sunt
274 1620 306 1681 et
320 1617 450 1682 nomina
467 1617 575 1683 omnia
594 1623 627 1683 et
648 1635 699 1684 res
721 1616 881 1700 quaedam
897 1617 1039 1702 potiores
1059 1615 1268 1699 superaddita
1289 1618 1387 1701 serip-

183 1721 291 1782 torum
313 1718 425 1784 tabula
446 1739 566 1802 eorum,
589 1717 705 1802 quibus
727 1717 885 1802 Iosephus
907 1738 942 1785 se
966 1737 1059 1784 usum
1082 1737 1153 1784 esse
1174 1715 1300 1784 fatetur.

270 1817 311 1883 Et
334 1820 423 1885 utin
445 1821 607 1887 uolumine
629 1825 738 1903 sexto,
767 1821 814 1888 sio
842 1821 876 1886 in
903 1818 966 1886 hoo
988 1817 1094 1884 indioe
1117 1817 1315 1886 oonhoiendo
1337 1841 1387 1887 so·

182 1919 269 1986 oium
299 1918 414 2006 habui,
444 1923 500 2005 qui
528 1928 679 2007 suseepta
707 1923 814 2005 operis
836 1926 929 2006 parte
950 1920 1071 1987 laboris
1094 1939 1174 1987 onus
1196 1921 1387 1988 subleuauit.

182 2039 258 2086 nam
278 2019 461 2090 Friderions
477 2021 660 2090 Schemann
676 2023 836 2106 Hagensis
852 2022 1068 2105 Antiquitates
1091 2022 1238 2090 Iudaioas
1261 2031 1389 2107 praeter

180 2115 301 2189 librum
316 2123 387 2207 XV,
412 2123 531 2191 deinde
547 2125 653 2191 Vitam
668 2124 800 2209 Iosephi
819 2131 851 2191 et
873 2125 972 2192 libros
991 2129 1101 2192 eontra
1115 2125 1274 2209 Apionem
1289 2128 1388 2211 serip-

183 2229 235 2291 tos
258 2227 436 2311 excerpsit,
466 2246 527 2310 ego
550 2246 627 2294 uero
649 2227 784 2310 reliqua,
807 2227 885 2294 belli
907 2227 1031 2294 Iudaioi
1054 2224 1221 2293 historiam
1244 2235 1275 2294 et
1297 2229 1386 2295 Anti·

184 2327 342 2410 quitatum
375 2329 491 2394 librum
517 2328 579 2394 XV
612 2329 790 2412 peroeusui.
843 2335 910 2396 tum
943 2349 985 2397 ex
1019 2326 1212 2395 Sohemanni
1244 2330 1389 2414 meisque

184 2426 347 2496 sohedulis
377 2427 461 2497 hune
483 2429 623 2497 indioem
652 2431 834 2514 composui,
866 2450 962 2514 quem
984 2431 1164 2514 legentibus
1186 2432 1298 2497 utilem
1319 2433 1388 2498 fore

185 2528 327 2614 ooufido,
350 2550 543 2616 quamquam
566 2553 632 2599 non
653 2553 723 2600 sum
745 2534 872 2600 neseius
896 2553 970 2600 eum
991 2552 1055 2599 non
1077 2533 1225 2600 omnibus
1247 2534 1388 2600 numeris

186 2650 257 2699 esse
283 2632 481 2717 absolutnm3
509 2633 624 2701 modus
653 2635 739 2701 enim
765 2633 967 2701 adhibendus
996 2641 1079 2718 erat,
1107 2655 1147 2701 ne
1173 2635 1324 2702 uolumen
1355 2636 1388 2700 in

185 2733 318 2800 nimium
340 2734 496 2801 ambitum
520 2741 688 2802 oresoeret.
732 2743 875 2803 ueterum
897 2737 1049 2820 qnoniam
1064 2737 1166 2802 multa
1179 2737 1309 2802 nomina
1324 2736 1387 2803 He·

186 2835 296 2904 braioa
324 2855 366 2902 ex
387 2835 516 2920 Iosephi
545 2837 635 2904 libris
663 2837 851 2904 melioribus
879 2858 901 2904 a
925 2856 978 2904 me
1007 2843 1139 2919 recepta
1161 2838 1226 2903 alia
1254 2845 1328 2904 sunt
1349 2858 1388 2904 ue

185 2938 282 3021 uulgo
309 2939 405 3005 serihi
428 2939 548 3024 solent,
577 2945 612 3005 ut
634 2939 862 3023 quaerentibus
884 2939 1105 3022 subuenirem,
1134 2939 1283 3022 uulgares
1311 2959 1386 3022 quo·

186 3058 247 3121 que
262 3040 379 3106 formas
395 3047 428 3106 et
442 3042 549 3108 uarias
565 3041 719 3108 lectiones
734 3042 876 3125 potiores
894 3043 928 3106 in
943 3039 1082 3109 indioem
1097 3041 1216 3124 reoepi.
1248 3039 1388 3124 deniqne

185 3159 280 3223 quam
303 3143 393 3225 potui
410 3161 542 3226 operam
565 3142 652 3228 dedi,
675 3150 710 3208 ut
731 3142 772 3208 ab
795 3143 956 3210 erroribus
972 3161 1130 3226 canerem,
1153 3161 1287 3225 quornm
1307 3161 1388 3225 quos

185 3241 255 3328 ipse
276 3242 476 3328 deprehendi
498 3245 582 3311 infra
603 3263 775 3330 apponam.

271 3358 397 3428 Dabam
420 3363 584 3447 Mathurgi
605 3383 634 3429 a.
652 3361 682 3428 d.
699 3361 747 3427 ΙΙΙ
769 3361 813 3428 id.
837 3362 945 3430 Iunias
970 3364 1061 3430 1895.

941 3546 1159 3614 Benedtetus
1181 3545 1301 3615 Niese.
