3434 5124
402 1485 515 1542 Numeri
531 1484 647 1540 Romani
662 1483 757 1551 libros,
777 1484 889 1539 Arabici
906 1487 1093 1554 paragraphos
1111 1485 1239 1542 editionis
1257 1503 1335 1544 meae
1352 1489 1517 1557 significant.

313 1589 429 1644 Romani
455 1587 561 1642 numeri
586 1586 659 1641 nude
684 1585 769 1656 positi
786 1585 917 1651 (I-XX)
944 1587 980 1640 ad
1006 1587 1209 1656 Antiquitatum
1230 1588 1406 1645 Iudaicarum
1431 1592 1518 1650 libros

313 1692 447 1760 spectant,
478 1685 522 1742 Vis
534 1686 669 1756 signifieat
680 1685 772 1743 Vitam
783 1686 895 1756 Iosephi
907 1688 967 1750 (Vis
984 1692 1102 1756 1-430),
1120 1689 1144 1743 Α
1162 1690 1247 1744 libros
1267 1695 1364 1747 contra
1381 1694 1518 1763 Apionem

313 1791 429 1860 scriptos
453 1790 513 1855 (AI
530 1790 616 1857 All),
644 1789 670 1844 B
692 1788 793 1842 bellum
818 1788 961 1844 Iudaicum
986 1789 1024 1850 (Β
1042 1790 1095 1843 1-
1108 1791 1135 1845 B
1152 1791 1223 1857 VII).
1258 1792 1335 1848 loeos
1361 1810 1394 1848 eo
1421 1795 1518 1850 ordine

314 1892 460 1961 descripsi,
484 1895 515 1946 nt
532 1891 648 1960 primum
664 1889 879 1959 Antiquitatum,
902 1891 966 1945 dein
983 1891 1079 1958 Vitae,
1098 1896 1156 1948 tum
1173 1893 1305 1949 librorum
1322 1895 1518 1966 Apioneorum,

314 1994 430 2064 deniquo
453 1993 517 2048 belli
540 1993 645 2048 ludaioi
666 1992 742 2048 locos
760 2007 934 2061 apponerem.

399 2094 530 2150 Breuiata
546 2110 606 2148 esse
624 2094 713 2149 solent
729 2093 866 2149 uocabula
883 2096 965 2148 haec:

669 2245 739 2300 ooni.
757 2269 792 2289 =
809 2261 844 2300 ex
856 2245 1015 2302 coniectura
1032 2247 1161 2317 positum.

668 2345 687 2401 f.
757 2371 792 2390 =
807 2345 881 2402 filius
898 2347 965 2402 filia.

669 2445 697 2500 fl.
758 2473 791 2490 =
808 2447 918 2504 fluuius.

669 2564 732 2618 opp.
756 2574 792 2592 =
809 2551 947 2620 oppidum.

669 2651 724 2705 nid.
760 2677 795 2696 =
812 2651 928 2708 uidetur.

669 2767 728 2806 nar.
758 2777 793 2796 =
811 2755 890 2808 uaria
907 2754 998 2810 lectio.

318 2925 410 2977 cetera
422 2921 575 2989 scripturae
587 2921 748 2990 compendia
766 2921 788 2975 si
801 2937 856 2990 qna
873 2926 969 2977 extant
985 2922 1111 2990 uulgaria
1128 2926 1200 2979 sunt.
1222 2923 1357 2994 pontifex
1372 2923 1397 2978 is
1416 2923 1520 2978 dieitur

316 3023 362 3093 qui
378 3022 408 3077 in
426 3021 538 3078 Graecis
557 3013 712 3093 ἀρχιερεύς.
747 3023 857 3077 nomina
874 3022 1060 3080 Romanorum
1082 3039 1143 3078 eum
1165 3024 1255 3079 locum
1274 3025 1412 3093 obtinent,
1437 3042 1519 3096 quem

315 3127 364 3179 ant
375 3124 475 3192 gentile
492 3127 541 3178 aut
559 3138 707 3192 cognomen
719 3123 931 3180 demonstrabat.
960 3126 1168 3194 praenominum
1179 3125 1315 3182 rationem
1325 3127 1411 3181 habui
1423 3141 1519 3181 eorum

315 3225 511 3294 tantummodo,
529 3239 598 3294 quae
616 3223 754 3278 nominum
770 3224 831 3281 looo
850 3231 922 3297 sunt,
940 3231 989 3282 aut
1006 3228 1086 3298 siqua
1103 3232 1182 3283 eraut
1199 3227 1316 3284 rariora.
